<?xml version="1.0" encoding="UTF-8"?><collection xmlns="http://www.loc.gov/MARC21/slim"><record><leader>00497nam--2200169-i-4500</leader><controlfield tag="001">000029985</controlfield><controlfield tag="002">20161230</controlfield><controlfield tag="005">20161230201038</controlfield><controlfield tag="008">060222s1000------------r-----000-0-eng-d</controlfield><datafield ind1=" " ind2=" " tag="040"><subfield code="a">IFIN-HH</subfield></datafield><datafield ind1=" " ind2=" " tag="080"><subfield code="a">535.6</subfield></datafield><datafield ind1="1" ind2=" " tag="100"><subfield code="a">Kwant, Albert Christiaan</subfield></datafield><datafield ind1="1" ind2="0" tag="245"><subfield code="a">Vibronic relaxation in the triplet state of the f center in calcium oxide</subfield><subfield code="c">Albert christiaan kwant</subfield></datafield><datafield ind1=" " ind2=" " tag="260"><subfield code="a">Amsterdam</subfield><subfield code="b">Universiteit Van Amsterdam</subfield><subfield code="c">1982</subfield></datafield><datafield ind1=" " ind2=" " tag="300"><subfield code="a">143P</subfield></datafield><datafield ind1=" " ind2=" " tag="852"><subfield code="a">71504</subfield><subfield code="c">535</subfield></datafield><datafield ind1=" " ind2=" " tag="CAT"><subfield code="a">Sys</subfield><subfield code="c">20101124</subfield><subfield code="h">154752</subfield></datafield></record></collection>